<?xml version="1.0" encoding="UTF-8"?>
  <record xmlns="http://www.loc.gov/MARC21/slim" type="Authority">
    <leader>00000nz  a2200000nc 4500</leader>
    <controlfield tag="001">104376600</controlfield>
    <controlfield tag="003">DE-101</controlfield>
    <controlfield tag="005">20211208082503.0</controlfield>
    <controlfield tag="008">970430n||azznnaabn           | aaa    |c</controlfield>
    <datafield tag="024" ind1="7" ind2=" ">
      <subfield code="a">104376600</subfield>
      <subfield code="0">http://d-nb.info/gnd/104376600</subfield>
      <subfield code="2">gnd</subfield>
    </datafield>
    <datafield tag="035" ind1=" " ind2=" ">
      <subfield code="a">(DE-101)104376600</subfield>
    </datafield>
    <datafield tag="035" ind1=" " ind2=" ">
      <subfield code="a">(DE-588)104376600</subfield>
    </datafield>
    <datafield tag="035" ind1=" " ind2=" ">
      <subfield code="z">(DE-588a)104376600</subfield>
      <subfield code="9">v:zg</subfield>
    </datafield>
    <datafield tag="035" ind1=" " ind2=" ">
      <subfield code="z">(DE-588c)7717101-9</subfield>
      <subfield code="9">v:zg</subfield>
    </datafield>
    <datafield tag="040" ind1=" " ind2=" ">
      <subfield code="a">DE-12</subfield>
      <subfield code="c">DE-12</subfield>
      <subfield code="9">r:DE-12</subfield>
      <subfield code="b">ger</subfield>
      <subfield code="d">2214</subfield>
    </datafield>
    <datafield tag="042" ind1=" " ind2=" ">
      <subfield code="a">gnd1</subfield>
    </datafield>
    <datafield tag="043" ind1=" " ind2=" ">
      <subfield code="c">XA-DE</subfield>
    </datafield>
    <datafield tag="065" ind1=" " ind2=" ">
      <subfield code="a">16.5p</subfield>
      <subfield code="2">sswd</subfield>
    </datafield>
    <datafield tag="075" ind1=" " ind2=" ">
      <subfield code="b">p</subfield>
      <subfield code="2">gndgen</subfield>
    </datafield>
    <datafield tag="075" ind1=" " ind2=" ">
      <subfield code="b">piz</subfield>
      <subfield code="2">gndspec</subfield>
    </datafield>
    <datafield tag="079" ind1=" " ind2=" ">
      <subfield code="a">g</subfield>
      <subfield code="q">a</subfield>
      <subfield code="q">f</subfield>
      <subfield code="q">s</subfield>
      <subfield code="u">v</subfield>
    </datafield>
    <datafield tag="100" ind1="0" ind2=" ">
      <subfield code="a">Magdalena Sibylle</subfield>
      <subfield code="c">Sachsen-Gotha-Altenburg, Herzogin</subfield>
      <subfield code="d">1648-1681</subfield>
    </datafield>
    <datafield tag="375" ind1=" " ind2=" ">
      <subfield code="a">2</subfield>
      <subfield code="2">iso5218</subfield>
    </datafield>
    <datafield tag="400" ind1="0" ind2=" ">
      <subfield code="a">Magdalena Sibylla</subfield>
      <subfield code="c">Sachsen-Gotha-Altenburg, Herzogin</subfield>
      <subfield code="d">1648-1681</subfield>
    </datafield>
    <datafield tag="400" ind1="0" ind2=" ">
      <subfield code="a">Magdalene Sibylle</subfield>
      <subfield code="c">Sachsen-Gotha-Altenburg, Herzogin</subfield>
      <subfield code="d">1648-1681</subfield>
    </datafield>
    <datafield tag="400" ind1="0" ind2=" ">
      <subfield code="a">Magdalena Sibylla</subfield>
      <subfield code="c">Sachsen, Herzogin</subfield>
      <subfield code="d">1648-1681</subfield>
    </datafield>
    <datafield tag="400" ind1="0" ind2=" ">
      <subfield code="a">Magdalena Sibylla</subfield>
      <subfield code="c">Sachsen-Gotha, Herzogin</subfield>
      <subfield code="d">1648-1681</subfield>
    </datafield>
    <datafield tag="400" ind1="0" ind2=" ">
      <subfield code="a">Magdalene Sibylle</subfield>
      <subfield code="c">Sachsen-Gotha, Herzogin</subfield>
      <subfield code="d">1648-1681</subfield>
    </datafield>
    <datafield tag="400" ind1="0" ind2=" ">
      <subfield code="a">Magdalena Sibylle</subfield>
      <subfield code="c">Sachsen-Weißenfels, Prinzessin</subfield>
      <subfield code="d">1648-1681</subfield>
    </datafield>
    <datafield tag="400" ind1="0" ind2=" ">
      <subfield code="a">Magdalena Sibylla</subfield>
      <subfield code="c">Sachsen-Weißenfels, Prinzessin</subfield>
      <subfield code="d">1648-1681</subfield>
    </datafield>
    <datafield tag="400" ind1="0" ind2=" ">
      <subfield code="a">Magdelaine Sibylle</subfield>
      <subfield code="c">Saxe, Princesse</subfield>
      <subfield code="d">1648-1681</subfield>
    </datafield>
    <datafield tag="400" ind1="0" ind2=" ">
      <subfield code="a">Magdalena Sybille</subfield>
      <subfield code="c">Sachsen-Gotha-Altenburg, Herzogin</subfield>
      <subfield code="d">1648-1681</subfield>
    </datafield>
    <datafield tag="400" ind1="0" ind2=" ">
      <subfield code="a">Magdalena Sybilla</subfield>
      <subfield code="c">Sachsen-Gotha-Altenburg, Herzogin</subfield>
      <subfield code="d">1648-1681</subfield>
    </datafield>
    <datafield tag="500" ind1="0" ind2=" ">
      <subfield code="0">(DE-101)119025299</subfield>
      <subfield code="0">(DE-588)119025299</subfield>
      <subfield code="0">https://d-nb.info/gnd/119025299</subfield>
      <subfield code="a">August</subfield>
      <subfield code="c">Sachsen-Weißenfels, Herzog</subfield>
      <subfield code="d">1614-1680</subfield>
      <subfield code="4">bezf</subfield>
      <subfield code="4">https://d-nb.info/standards/elementset/gnd#familialRelationship</subfield>
      <subfield code="w">r</subfield>
      <subfield code="i">Beziehung familiaer</subfield>
      <subfield code="e">Beziehung familiaer</subfield>
      <subfield code="9">v:Vater</subfield>
    </datafield>
    <datafield tag="500" ind1="0" ind2=" ">
      <subfield code="0">(DE-101)10210915X</subfield>
      <subfield code="0">(DE-588)10210915X</subfield>
      <subfield code="0">https://d-nb.info/gnd/10210915X</subfield>
      <subfield code="a">Friedrich</subfield>
      <subfield code="b">I.</subfield>
      <subfield code="c">Sachsen-Gotha-Altenburg, Herzog</subfield>
      <subfield code="d">1646-1691</subfield>
      <subfield code="4">bezf</subfield>
      <subfield code="4">https://d-nb.info/standards/elementset/gnd#familialRelationship</subfield>
      <subfield code="w">r</subfield>
      <subfield code="i">Beziehung familiaer</subfield>
      <subfield code="e">Beziehung familiaer</subfield>
      <subfield code="9">v:Ehemann</subfield>
    </datafield>
    <datafield tag="500" ind1="0" ind2=" ">
      <subfield code="0">(DE-101)102109117</subfield>
      <subfield code="0">(DE-588)102109117</subfield>
      <subfield code="0">https://d-nb.info/gnd/102109117</subfield>
      <subfield code="a">Friedrich</subfield>
      <subfield code="b">II.</subfield>
      <subfield code="c">Sachsen-Gotha-Altenburg, Herzog</subfield>
      <subfield code="d">1676-1732</subfield>
      <subfield code="4">bezf</subfield>
      <subfield code="4">https://d-nb.info/standards/elementset/gnd#familialRelationship</subfield>
      <subfield code="w">r</subfield>
      <subfield code="i">Beziehung familiaer</subfield>
      <subfield code="e">Beziehung familiaer</subfield>
      <subfield code="9">v:Sohn</subfield>
    </datafield>
    <datafield tag="500" ind1="0" ind2=" ">
      <subfield code="0">(DE-101)121002756</subfield>
      <subfield code="0">(DE-588)121002756</subfield>
      <subfield code="0">https://d-nb.info/gnd/121002756</subfield>
      <subfield code="a">Johann Wilhelm</subfield>
      <subfield code="c">Sachsen-Gotha-Altenburg, Herzog</subfield>
      <subfield code="d">1677-1707</subfield>
      <subfield code="4">bezf</subfield>
      <subfield code="4">https://d-nb.info/standards/elementset/gnd#familialRelationship</subfield>
      <subfield code="w">r</subfield>
      <subfield code="i">Beziehung familiaer</subfield>
      <subfield code="e">Beziehung familiaer</subfield>
      <subfield code="9">v:Sohn</subfield>
    </datafield>
    <datafield tag="500" ind1="0" ind2=" ">
      <subfield code="0">(DE-101)121279553</subfield>
      <subfield code="0">(DE-588)121279553</subfield>
      <subfield code="0">https://d-nb.info/gnd/121279553</subfield>
      <subfield code="a">Anna Sophia</subfield>
      <subfield code="c">Schwarzburg-Rudolstadt, Fürstin, 1670-1728</subfield>
      <subfield code="d">1670-1728</subfield>
      <subfield code="4">bezf</subfield>
      <subfield code="4">https://d-nb.info/standards/elementset/gnd#familialRelationship</subfield>
      <subfield code="w">r</subfield>
      <subfield code="i">Beziehung familiaer</subfield>
      <subfield code="e">Beziehung familiaer</subfield>
      <subfield code="9">v:Tochter</subfield>
    </datafield>
    <datafield tag="500" ind1="0" ind2=" ">
      <subfield code="0">(DE-101)104175281</subfield>
      <subfield code="0">(DE-588)104175281</subfield>
      <subfield code="0">https://d-nb.info/gnd/104175281</subfield>
      <subfield code="a">Dorothea Maria</subfield>
      <subfield code="c">Sachsen-Coburg-Meiningen, Herzogin</subfield>
      <subfield code="d">1674-1713</subfield>
      <subfield code="4">bezf</subfield>
      <subfield code="4">https://d-nb.info/standards/elementset/gnd#familialRelationship</subfield>
      <subfield code="w">r</subfield>
      <subfield code="i">Beziehung familiaer</subfield>
      <subfield code="e">Beziehung familiaer</subfield>
      <subfield code="9">v:Tochter</subfield>
    </datafield>
    <datafield tag="500" ind1="0" ind2=" ">
      <subfield code="0">(DE-101)11929463X</subfield>
      <subfield code="0">(DE-588)11929463X</subfield>
      <subfield code="0">https://d-nb.info/gnd/11929463X</subfield>
      <subfield code="a">Friederike</subfield>
      <subfield code="c">Anhalt-Zerbst, Fürstin</subfield>
      <subfield code="d">1675-1709</subfield>
      <subfield code="4">bezf</subfield>
      <subfield code="4">https://d-nb.info/standards/elementset/gnd#familialRelationship</subfield>
      <subfield code="w">r</subfield>
      <subfield code="i">Beziehung familiaer</subfield>
      <subfield code="e">Beziehung familiaer</subfield>
      <subfield code="9">v:Tochter</subfield>
    </datafield>
    <datafield tag="548" ind1=" " ind2=" ">
      <subfield code="a">1648-1681</subfield>
      <subfield code="4">datl</subfield>
      <subfield code="4">https://d-nb.info/standards/elementset/gnd#dateOfBirthAndDeath</subfield>
      <subfield code="w">r</subfield>
      <subfield code="i">Lebensdaten</subfield>
    </datafield>
    <datafield tag="548" ind1=" " ind2=" ">
      <subfield code="a">02.09.1648-07.01.1681</subfield>
      <subfield code="4">datx</subfield>
      <subfield code="4">https://d-nb.info/standards/elementset/gnd#dateOfBirthAndDeath</subfield>
      <subfield code="w">r</subfield>
      <subfield code="i">Exakte Lebensdaten</subfield>
    </datafield>
    <datafield tag="550" ind1=" " ind2=" ">
      <subfield code="0">(DE-101)943795559</subfield>
      <subfield code="0">(DE-588)4369193-6</subfield>
      <subfield code="0">https://d-nb.info/gnd/4369193-6</subfield>
      <subfield code="a">Herzogin</subfield>
      <subfield code="4">adel</subfield>
      <subfield code="4">https://d-nb.info/standards/elementset/gnd#titleOfNobility</subfield>
      <subfield code="w">r</subfield>
      <subfield code="i">Adelstitel</subfield>
    </datafield>
    <datafield tag="551" ind1=" " ind2=" ">
      <subfield code="0">(DE-101)040230252</subfield>
      <subfield code="0">(DE-588)4023025-9</subfield>
      <subfield code="0">https://d-nb.info/gnd/4023025-9</subfield>
      <subfield code="a">Halle (Saale)</subfield>
      <subfield code="4">ortg</subfield>
      <subfield code="4">https://d-nb.info/standards/elementset/gnd#placeOfBirth</subfield>
      <subfield code="w">r</subfield>
      <subfield code="i">Geburtsort</subfield>
    </datafield>
    <datafield tag="551" ind1=" " ind2=" ">
      <subfield code="0">(DE-101)040216527</subfield>
      <subfield code="0">(DE-588)4021652-4</subfield>
      <subfield code="0">https://d-nb.info/gnd/4021652-4</subfield>
      <subfield code="a">Gotha</subfield>
      <subfield code="4">orts</subfield>
      <subfield code="4">https://d-nb.info/standards/elementset/gnd#placeOfDeath</subfield>
      <subfield code="w">r</subfield>
      <subfield code="i">Sterbeort</subfield>
    </datafield>
    <datafield tag="667" ind1=" " ind2=" ">
      <subfield code="a">VD-17</subfield>
    </datafield>
    <datafield tag="667" ind1=" " ind2=" ">
      <subfield code="a">SAEBI</subfield>
      <subfield code="5">DE-14</subfield>
    </datafield>
    <datafield tag="670" ind1=" " ind2=" ">
      <subfield code="a">Wikipedia</subfield>
      <subfield code="u">https://de.wikipedia.org/wiki/Magdalena_Sibylla_von_Sachsen-Wei%C3%9Fenfels_(1648%E2%80%931681)</subfield>
    </datafield>
    <datafield tag="678" ind1=" " ind2=" ">
      <subfield code="b">Tochter von Herzog August von Sachsen-Weißenfels; ab 1669 erste Ehefrau von Herzog Friedrich I. von Sachsen-Gotha-Altenburg</subfield>
    </datafield>
    <datafield tag="913" ind1=" " ind2=" ">
      <subfield code="S">pnd</subfield>
      <subfield code="i">5</subfield>
      <subfield code="a">Magdalena Sibylle &lt;Sachsen-Gotha-Altenburg, Herzogin&gt;</subfield>
      <subfield code="0">(DE-588a)104376600</subfield>
    </datafield>
  </record>
